@InBook{marz,
author = {Nathan Marz, James Warren},
title = {Big Data Principles},
chapter = {A new paradigm for big data},
OPTpages = {1},
year = {2015},
}

@article{introsnapshot,
  added-at = {2003-03-27T00:00:00.000+0100},
  author = {Kshemkalyani, Ajay D. and Raynal, Michel and Singhal, Mukesh},
  biburl = {http://www.bibsonomy.org/bibtex/23b17fa33c7f33d07107f48219058fbc9/dblp},
  date = {2003-03-27},
  description = {dblp},
  ee = {http://dx.doi.org/10.1088/0967-1846/2/4/005},
  interhash = {27e765d84e158f8819a1ea6346fb0050},
  intrahash = {3b17fa33c7f33d07107f48219058fbc9},
  journal = {Distributed Systems Engineering},
  keywords = {dblp},
  number = 4,
  pages = {224-},
  timestamp = {2003-03-27T00:00:00.000+0100},
  title = {An introduction to snapshot algorithms in distributed computing.},
  url = {http://dblp.uni-trier.de/db/journals/dse/dse2.html#KshemkalyaniRS95},
  volume = 2,
  year = 1995
}



@inproceedings{pietzuch:intscaleoutandft,
 author = {Castro Fernandez, Raul and Migliavacca, Matteo and Kalyvianaki, Evangelia and Pietzuch, Peter},
 title = {Integrating Scale out and Fault Tolerance in Stream Processing Using Operator State Management},
 booktitle = {Proceedings of the 2013 ACM SIGMOD International Conference on Management of Data},
 series = {SIGMOD '13},
 year = {2013},
 isbn = {978-1-4503-2037-5},
 location = {New York, New York, USA},
 pages = {725--736},
 numpages = {12},
 url = {http://doi.acm.org/10.1145/2463676.2465282},
 doi = {10.1145/2463676.2465282},
 acmid = {2465282},
 publisher = {ACM},
 address = {New York, NY, USA},
 keywords = {fault tolerance, scalability, stateful stream processing},
} 



@inproceedings {pietzuch:makingstateexplicit,
author = {Raul Castro Fernandez and Matteo Migliavacca and Evangelia Kalyvianaki and Peter Pietzuch},
title = {Making State Explicit for Imperative Big Data Processing},
booktitle = {2014 USENIX Annual Technical Conference (USENIX ATC 14)},
year = {2014},
month = Jun,
isbn = {978-1-931971-10-2},
address = {Philadelphia, PA},
pages = {49--60},
url = {https://www.usenix.org/conference/atc14/technical-sessions/presentation/castro-fernandez},
publisher = {USENIX Association},
}

@inproceedings{discretizedsgtreams,
 author = {Zaharia, Matei and Das, Tathagata and Li, Haoyuan and Hunter, Timothy and Shenker, Scott and Stoica, Ion},
 title = {Discretized Streams: Fault-tolerant Streaming Computation at Scale},
 booktitle = {Proceedings of the Twenty-Fourth ACM Symposium on Operating Systems Principles},
 series = {SOSP '13},
 year = {2013},
 isbn = {978-1-4503-2388-8},
 location = {Farminton, Pennsylvania},
 pages = {423--438},
 numpages = {16},
 url = {http://doi.acm.org/10.1145/2517349.2522737},
 doi = {10.1145/2517349.2522737},
 acmid = {2522737},
 publisher = {ACM},
 address = {New York, NY, USA},
} 



@inproceedings{mapreduceonline,
 author = {Condie, Tyson and Conway, Neil and Alvaro, Peter and Hellerstein, Joseph M. and Elmeleegy, Khaled and Sears, Russell},
 title = {MapReduce Online},
 booktitle = {Proceedings of the 7th USENIX Conference on Networked Systems Design and Implementation},
 series = {NSDI'10},
 year = {2010},
 location = {San Jose, California},
 pages = {21--21},
 numpages = {1},
 url = {http://dl.acm.org/citation.cfm?id=1855711.1855732},
 acmid = {1855732},
 publisher = {USENIX Association},
 address = {Berkeley, CA, USA},
} 


@inproceedings{millwheel,
title = {MillWheel: Fault-Tolerant Stream Processing at Internet Scale},
author  = {Tyler Akidau and Alex Balikov and Kaya Bekiroglu and Slava Chernyak and Josh Haberman and Reuven Lax and Sam McVeety and Daniel Mills and Paul Nordstrom and Sam Whittle},
year  = 2013,
booktitle = {Very Large Data Bases},
pages = {734--746}
}

@inproceedings{rdd,
 author = {Zaharia, Matei and Chowdhury, Mosharaf and Das, Tathagata and Dave, Ankur and Ma, Justin and McCauley, Murphy and Franklin, Michael J. and Shenker, Scott and Stoica, Ion},
 title = {Resilient Distributed Datasets: A Fault-tolerant Abstraction for In-memory Cluster Computing},
 booktitle = {Proceedings of the 9th USENIX Conference on Networked Systems Design and Implementation},
 series = {NSDI'12},
 year = {2012},
 location = {San Jose, CA},
 pages = {2--2},
 numpages = {1},
 url = {http://dl.acm.org/citation.cfm?id=2228298.2228301},
 acmid = {2228301},
 publisher = {USENIX Association},
 address = {Berkeley, CA, USA},
} 
@inproceedings{bigtable,
 author = {Chang, Fay and Dean, Jeffrey and Ghemawat, Sanjay and Hsieh, Wilson C. and Wallach, Deborah A. and Burrows, Mike and Chandra, Tushar and Fikes, Andrew and Gruber, Robert E.},
 title = {Bigtable: A Distributed Storage System for Structured Data},
 booktitle = {Proceedings of the 7th Symposium on Operating Systems Design and Implementation},
 series = {OSDI '06},
 year = {2006},
 isbn = {1-931971-47-1},
 location = {Seattle, Washington},
 pages = {205--218},
 numpages = {14},
 url = {http://dl.acm.org/citation.cfm?id=1298455.1298475},
 acmid = {1298475},
 publisher = {USENIX Association},
 address = {Berkeley, CA, USA},
} 

@article{abs,
  author    = {Paris Carbone and
               Gyula F{\'{o}}ra and
               Stephan Ewen and
               Seif Haridi and
               Kostas Tzoumas},
  title     = {Lightweight Asynchronous Snapshots for Distributed Dataflows},
  journal   = {CoRR},
  volume    = {abs/1506.08603},
  year      = {2015},
  url       = {http://arxiv.org/abs/1506.08603},
  timestamp = {Wed, 01 Jul 2015 15:10:24 +0200},
  biburl    = {http://dblp.uni-trier.de/rec/bib/journals/corr/CarboneFEHT15},
  bibsource = {dblp computer science bibliography, http://dblp.org}
}

@inproceedings{distributedjoin,
title = {Photon: Fault-tolerant and Scalable Joining of Continuous Data Streams},
author  = {Rajagopal Ananthanarayanan and Venkatesh Basker and Sumit Das and Ashish Gupta and Haifeng Jiang and Tianhao Qiu and Alexey Reznichenko and Deomid Ryabkov and Manpreet Singh and Shivakumar Venkataraman},
year  = 2013,
URL = {http://dl.acm.org/citation.cfm?doid=2463676.2465272},
booktitle = {SIGMOD '13: Proceedings of the 2013 international conference on Management of data},
pages = {577-588},
address = {New York, NY, USA}
}
@article{storm,
    author  = "George D. Greenwade",
    title   = "The {C}omprehensive {T}ex {A}rchive {N}etwork ({CTAN})",
    year    = "1993",
    journal = "TUGBoat",
    volume  = "14",
    number  = "3",
    pages   = "342--351"
}

@online{ml,  
  title = {Machine Learning What it is and why it matters},
  url = {\url{http://www.sas.com/en_us/insights/analytics/machine-learning.html}},
  urldate = {2016-04-13}
}

@online{ml,  
  title = {Machine Learning What it is and why it matters},
  url = {\url{http://www.sas.com/en_us/insights/analytics/machine-learning.html}},
  urldate = {2016-04-13}
}

@proceedings{allroadsleadtorome,
  added-at = {2013-09-25T11:12:02.000+0200},
  author = {Schelter, Sebastian and Ewen, Stephan and Tzoumas, Kostas and Markl, Volker},
  biburl = {http://www.bibsonomy.org/bibtex/212e838ea5db5dcd6e3b3c000fd448c86/bodenchr},
  editor = {on Information, ACM Conference and CIKM, Knowledge Management},
  interhash = {18d2a81cef3be640a64355065a01314a},
  intrahash = {12e838ea5db5dcd6e3b3c000fd448c86},
  keywords = {robust-project},
  timestamp = {2013-09-25T11:18:16.000+0200},
  title = {All Roads Lead to Rome: Optimistic Recovery for Distributed Iterative Data Processing},
  year = 2013
}



@article{mapreduce,
 author = {Dean, Jeffrey and Ghemawat, Sanjay},
 title = {MapReduce: Simplified Data Processing on Large Clusters},
 journal = {Commun. ACM},
 issue_date = {January 2008},
 volume = {51},
 number = {1},
 month = jan,
 year = {2008},
 issn = {0001-0782},
 pages = {107--113},
 numpages = {7},
 url = {http://doi.acm.org/10.1145/1327452.1327492},
 doi = {10.1145/1327452.1327492},
 acmid = {1327492},
 publisher = {ACM},
 address = {New York, NY, USA},
} 

@inproceedings{naiad,
 author = {Murray, Derek G. and McSherry, Frank and Isaacs, Rebecca and Isard, Michael and Barham, Paul and Abadi, Mart\'{\i}n},
 title = {Naiad: A Timely Dataflow System},
 booktitle = {Proceedings of the Twenty-Fourth ACM Symposium on Operating Systems Principles},
 series = {SOSP '13},
 year = {2013},
 isbn = {978-1-4503-2388-8},
 location = {Farminton, Pennsylvania},
 pages = {439--455},
 numpages = {17},
 url = {http://doi.acm.org/10.1145/2517349.2522738},
 doi = {10.1145/2517349.2522738},
 acmid = {2522738},
 publisher = {ACM},
 address = {New York, NY, USA},
} 

@inproceedings{pregel,
 author = {Malewicz, Grzegorz and Austern, Matthew H. and Bik, Aart J.C and Dehnert, James C. and Horn, Ilan and Leiser, Naty and Czajkowski, Grzegorz},
 title = {Pregel: A System for Large-scale Graph Processing},
 booktitle = {Proceedings of the 2010 ACM SIGMOD International Conference on Management of Data},
 series = {SIGMOD '10},
 year = {2010},
 isbn = {978-1-4503-0032-2},
 location = {Indianapolis, Indiana, USA},
 pages = {135--146},
 numpages = {12},
 url = {http://doi.acm.org/10.1145/1807167.1807184},
 doi = {10.1145/1807167.1807184},
 acmid = {1807184},
 publisher = {ACM},
 address = {New York, NY, USA},
 keywords = {distributed computing, graph algorigthms},
} 



@article{distgraphlab,
 author = {Low, Yucheng and Bickson, Danny and Gonzalez, Joseph and Guestrin, Carlos and Kyrola, Aapo and Hellerstein, Joseph M.},
 title = {Distributed GraphLab: A Framework for Machine Learning and Data Mining in the Cloud},
 journal = {Proc. VLDB Endow.},
 issue_date = {April 2012},
 volume = {5},
 number = {8},
 month = apr,
 year = {2012},
 issn = {2150-8097},
 pages = {716--727},
 numpages = {12},
 url = {http://dx.doi.org/10.14778/2212351.2212354},
 doi = {10.14778/2212351.2212354},
 acmid = {2212354},
 publisher = {VLDB Endowment},
} 

@online{aobd,
  author = {Joe Hellerstei},
  title = {Parallel Programming in the Age of Big Data},
  url = {https://gigaom.com/2008/11/09/mapreduce-leads-the-way-for-parallel-programming/},
  urldate = {2016-02-14}
}

@online{gradientdescent,
  author = {Matt Nedrich},
  title = {An Introduction to Gradient Descent and Linear Regression },
  url = {https://spin.atomicobject.com/2014/06/24/gradient-descent-linear-regression/},
  urldate = {2016-04-12}
}
@misc{ wikigraddesc,
  author = {{Gradient descent}},
  title = "Gradient descent --- {W}ikipedia{,} The Free Encyclopedia",
  year = "2016",
  url = {\url{https://en.wikipedia.org/wiki/Gradient_descent}},
  note = "[Online; accessed 12-04-2012]"
}

@online{3v,
  author = {Christy Pettey,Laurence Goasduff},
  title = {Gartner Says Solving 'Big Data' Challenge Involves More Than Just Managing Volumes of Data},
  url = {http://www.gartner.com/newsroom/id/1731916},
  urldate = {2016-03-07}
}

@online{beatCAP,
  author = {Nathan Marz},
  title = {Gartner Says Solving 'Big Data' Challenge Involves More Than Just Managing Volumes of Data},
  url = {http://nathanmarz.com/blog/how-to-beat-the-cap-theorem.html},
  urldate = {2016-03-07}
}

@online{101,
  author = {Tyler Akidau},
  title = {The world beyond batch: Streaming 101},
  url = {http://radar.oreilly.com/2015/08/the-world-beyond-batch-streaming-101.html},
  urldate = {2016-03-07}
}

@online{trend,
  author = {?},
  title = {Realtime Trending Analysis with Approximate Algorithms},
  url = {https://pkghosh.wordpress.com/2014/09/10/realtime-trending-analysis-with-approximate-algorithms/},
  urldate = {2016-03-07}
}

@online{kmean,
  author = {Jeremy Freeman},
  title = {Introducing streaming k-means in Spark 1.2},
  url = {https://databricks.com/blog/2015/01/28/introducing-streaming-k-means-in-spark-1-2.html},
  urldate = {2016-03-07}
}

@online{localstate,
  author = {Jay Kreps},
  title = {Why local state is a fundamental primitive in stream processing},
  url = {http://radar.oreilly.com/2014/07/why-local-state-is-a-fundamental-primitive-in-stream-processing.html},
  urldate = {2016-03-07}
}

@online{102,
  author = {Tyler Akidau},
  title = {The world beyond batch: Streaming 102},
  url = {https://www.oreilly.com/ideas/the-world-beyond-batch-streaming-102},
  urldate = {2016-03-07}
}


